@misc{spracklen2025,
      title={We Have a Package for You! A Comprehensive Analysis of Package Hallucinations by Code Generating LLMs},
      author={Joseph Spracklen and Raveen Wijewickrama and A H M Nazmus Sakib and Anindya Maiti and Bimal Viswanath and Murtuza Jadliwala},
      year={2025},
      eprint={2406.10279},
      archivePrefix={arXiv},
      primaryClass={cs.SE},
      url={https://arxiv.org/abs/2406.10279},
}

@inproceedings{haoping2025,
    author = {Lee, Hao-Ping (Hank) and Sarkar, Advait and Tankelevitch, Lev and Drosos, Ian and Rintel, Sean and Banks, Richard and Wilson, Nicholas},
    title = {The Impact of Generative AI on Critical Thinking: Self-Reported Reductions in Cognitive Effort and Confidence Effects From a Survey of Knowledge Workers},
    year = {2025},
    isbn = {9798400713941},
    publisher = {Association for Computing Machinery},
    address = {New York, NY, USA},
    url = {https://doi.org/10.1145/3706598.3713778},
    doi = {10.1145/3706598.3713778},
    booktitle = {Proceedings of the 2025 CHI Conference on Human Factors in Computing Systems},
    articleno = {1121},
    numpages = {22},
    keywords = {Critical thinking, Generative AI tools, Knowledge worker, Bloomâ€™s taxonomy, Survey},
    location = {},
    series = {CHI '25}
}

@misc{kosmyna2025,
      title={Your Brain on ChatGPT: Accumulation of Cognitive Debt when Using an AI Assistant for Essay Writing Task},
      author={Nataliya Kosmyna and Eugene Hauptmann and Ye Tong Yuan and Jessica Situ and Xian-Hao Liao and Ashly Vivian Beresnitzky and Iris Braunstein and Pattie Maes},
      year={2025},
      eprint={2506.08872},
      archivePrefix={arXiv},
      primaryClass={cs.AI},
      url={https://arxiv.org/abs/2506.08872},
}
